@misc{itwiki:PE,
	author = "Wikipedia",
	title = "Pietro Edwards --- Wikipedia{,} L'enciclopedia libera",
	year = "2019",
	url = "https://it.wikipedia.org/w/index.php?title=Pietro_Edwards&oldid=105892427"
}

@misc{wiki:CR-TLS,
	title = "Conservation-restoration of Leonardo da Vinci's The Last Supper --- {Wikipedia}{,} The Free Encyclopedia",
	author = "{Wikipedia contributors}",
	year = "2021",
	url = "https://en.wikipedia.org/w/index.php?title=Conservation-restoration_of_Leonardo_da_Vinci\%27s_The_Last_Supper\&oldid=1017761176"
}

@article{telea2004image,
	title={An image inpainting technique based on the fast marching method},
	author={Telea, Alexandru},
	journal={Journal of graphics tools},
	volume={9},
	number={1},
	pages={23--34},
	year={2004},
	publisher={Taylor \& Francis}
}

@article{chan2001nontexture,
	title={Nontexture inpainting by curvature-driven diffusions},
	author={Chan, Tony F and Shen, Jianhong},
	journal={Journal of visual communication and image representation},
	volume={12},
	number={4},
	pages={436--449},
	year={2001},
	publisher={Elsevier}
}

@inproceedings{ballester2001variational,
	title={A variational model for filling-in gray level and color images},
	author={Ballester, Coloma and Caselles, Vicent and Verdera, Joan and Bertalmio, Marcelo and Sapiro, Guillermo},
	booktitle={Proceedings Eighth IEEE International Conference on Computer Vision. ICCV 2001},
	volume={1},
	pages={10--16},
	year={2001},
	organization={IEEE}
}

@inproceedings{bertalmio2000image,
	title={Image inpainting},
	author={Bertalmio, Marcelo and Sapiro, Guillermo and Caselles, Vincent and Ballester, Coloma},
	booktitle={Proceedings of the 27th annual conference on Computer graphics and interactive techniques},
	pages={417--424},
	year={2000}
}

@inproceedings{bertalmio2001navier,
	title={Navier-stokes, fluid dynamics, and image and video inpainting},
	author={Bertalmio, Marcelo and Bertozzi, Andrea L and Sapiro, Guillermo},
	booktitle={Proceedings of the 2001 IEEE Computer Society Conference on Computer Vision and Pattern Recognition. CVPR 2001},
	pages={355-362},
	year={2001},
	organization={IEEE}
}
